@inproceedings{kulikov,
  title={Finding efficient circuits using SAT-solvers},
  author={Kojevnikov, Arist and Kulikov, Alexander S and Yaroslavtsev, Grigory},
  booktitle={International Conference on Theory and Applications of Satisfiability Testing},
  pages={32--44},
  year={2009},
  organization={Springer}
}

@misc{kulikovlocal,
      title={SAT-based Circuit Local Improvement}, 
      author={Alexander S. Kulikov and Nikita Slezkin},
      year={2021},
      eprint={2102.12579},
      archivePrefix={arXiv},
      primaryClass={cs.AI}
}

@misc{williams,
      title={Applying Practice to Theory}, 
      author={Ryan Williams},
      year={2008},
      eprint={0811.1305},
      archivePrefix={arXiv},
      primaryClass={cs.CC}
}

@article{raz,
  title={Pseudorandom generators hard for k-DNF resolution and polynomial calculus resolution},
  author={Razborov, Alexander A},
  journal={Annals of Mathematics},
  pages={415--472},
  year={2015},
  publisher={JSTOR}
}

@book{arora,
  title={Computational complexity: a modern approach},
  author={Arora, Sanjeev and Barak, Boaz},
  year={2009},
  publisher={Cambridge University Press}
}

@inproceedings{kamath,
  title={An interior point approach to Boolean vector function synthesis},
  author={Kamath, AP and Karmarkar, NK and Ramakrishnan, KG and Resende, MGC},
  booktitle={Proceedings of 36th Midwest Symposium on Circuits and Systems},
  pages={185--189},
  year={1993},
  organization={IEEE}
}

@inproceedings{estrada,
  title={A note on designing logical circuits using SAT},
  author={Estrada, Giovani Gomez},
  booktitle={International Conference on Evolvable Systems},
  pages={410--421},
  year={2003},
  organization={Springer}
}

@inproceedings{bloem,
  title={SAT-based methods for circuit synthesis},
  author={Bloem, Roderick and Egly, Uwe and Klampfl, Patrick and Konighofer, Robert and Lonsing, Florian},
  booktitle={2014 Formal Methods in Computer-Aided Design (FMCAD)},
  pages={31--34},
  year={2014},
  organization={IEEE}
}

@inproceedings{kulikovsurvey,
  title={Improving circuit size upper bounds using sat-solvers},
  author={Kulikov, Alexander S},
  booktitle={2018 Design, Automation \& Test in Europe Conference \& Exhibition (DATE)},
  pages={305--308},
  year={2018},
  organization={IEEE}
}

@incollection{boppana,
  title={The complexity of finite functions},
  author={Boppana, Ravi B and Sipser, Michael},
  booktitle={Algorithms and complexity},
  pages={757--804},
  year={1990},
  publisher={Elsevier}
}
